@unpublished{
    styleguide,
    URL="https://google.github.io/styleguide/cppguide.html"
},

@unpublished{
    cpp,
    URL="https://en.cppreference.com/w/cpp/20"
},

@unpublished{
    gcc,
    URL="https://gcc.gnu.org"
},

@unpublished{
    clangformat,
    URL="https://clang.llvm.org/docs/ClangFormat.html"
},

@unpublished{
    eigen,
    URL="https://eigen.tuxfamily.org/index.php?title=Main_Page"
},

@unpublished{
    glm,
    URL="https://glm.g-truc.net/0.9.9/"
},

@unpublished{
    cublas,
    URL="https://docs.nvidia.com/cuda/cublas/index.html"
},

@unpublished{
    git,
    URL="https://git-scm.com"
},

@unpublished{
    github,
    URL="https://github.com"
},


@unpublished{
    GGO,
    author="Gillet, H. and Gorchinskiy, S. and Ovchinnikov, A.",
    title="{P}arameterized {P}icard-{V}essiot extensions and {A}tiyah extensions",
    year="2011",
    URL="http://arxiv.org/abs/1110.3526"
},
